<record><leader>00000cas a22000007a 4500</leader><controlfield tag="001">34898606</controlfield><controlfield tag="008">960608d19101917okuwr n       0    0eng d</controlfield><datafield ind1=" " ind2=" " tag="010"><subfield code="a">sn 96087847 </subfield></datafield><datafield ind1=" " ind2=" " tag="040"><subfield code="a">OBN</subfield><subfield code="b">eng</subfield><subfield code="c">OBN</subfield><subfield code="d">OCLCQ</subfield><subfield code="d">OCLCO</subfield></datafield><datafield ind1="1" ind2=" " tag="029"><subfield code="a">AU@</subfield><subfield code="b">000012570603</subfield></datafield><datafield ind1=" " ind2=" " tag="042"><subfield code="a">msc</subfield></datafield><datafield ind1=" " ind2=" " tag="043"><subfield code="a">n-us-ok</subfield></datafield><datafield ind1="0" ind2="4" tag="245"><subfield code="a">The Heavener dispatch.</subfield></datafield><datafield ind1=" " ind2=" " tag="260"><subfield code="a">Heavener, Okla. :</subfield><subfield code="b">Baker &amp; Hall</subfield></datafield><datafield ind1=" " ind2=" " tag="300"><subfield code="a">v.</subfield></datafield><datafield ind1=" " ind2=" " tag="310"><subfield code="a">Weekly</subfield></datafield><datafield ind1="0" ind2=" " tag="362"><subfield code="a">-v. 8, no. 31 (Dec. 6, 1917).</subfield></datafield><datafield ind1="1" ind2=" " tag="362"><subfield code="a">Began in 1910.</subfield></datafield><datafield ind1=" " ind2=" " tag="588"><subfield code="a">Description based on: Vol. 2, no. 49 (Apr. 11, 1912).</subfield></datafield><datafield ind1=" " ind2="0" tag="651"><subfield code="a">Heavern (Okla.)</subfield><subfield code="v">Newspapers.</subfield></datafield><datafield ind1=" " ind2="0" tag="651"><subfield code="a">Le Flore County (Okla.)</subfield><subfield code="v">Newspapers.</subfield></datafield><datafield ind1=" " ind2=" " tag="752"><subfield code="a">United States</subfield><subfield code="b">Oklahoma</subfield><subfield code="c">Leflore</subfield><subfield code="d">Heavener.</subfield></datafield><datafield ind1="0" ind2="7" tag="785"><subfield code="t">Heavener ledger (Heavener, Okla. : 1908)</subfield><subfield code="w">(DLC)sn 96087846</subfield><subfield code="w">(OCoLC)34898592</subfield></datafield><datafield ind1="0" ind2="7" tag="785"><subfield code="t">Heavener ledger dispatch</subfield><subfield code="w">(DLC)sn 96087848</subfield><subfield code="w">(OCoLC)34898625</subfield></datafield></record>